@article{moore2005itc,
  title={{Internet traffic classification using bayesian analysis techniques}},
  author={Moore, A.W. and Zuev, D.},
  journal={ACM SIGMETRICS Performance Evaluation Review},
  volume={33},
  number={1},
  pages={50--60},
  year={2005},
  publisher={ACM New York, NY, USA}
}

@article{moore2005duf,
  title={{Discriminators for use in flow-based classification}},
  author={Moore, A. and Zuev, D. and Crogan, M.},
  journal={Cambridge, Intel Research},
  year={2005}
}

